<?xml version="1.0" encoding="UTF-8"?><record xmlns="http://www.loc.gov/MARC21/slim" xmlns:cinclude="http://apache.org/cocoon/include/1.0" xmlns:zs="http://www.loc.gov/zing/srw/">
  <leader>00339nz  a2200121n  4500</leader>
  <controlfield tag="001">nr2006018264</controlfield>
  <controlfield tag="003">DLC</controlfield>
  <controlfield tag="005">20060809033109.0</controlfield>
  <controlfield tag="008">060710n| acannaabn          |n aaa     c</controlfield>
  <datafield tag="010" ind1=" " ind2=" ">
    <subfield code="a">nr2006018264</subfield>
  </datafield>
  <datafield tag="040" ind1=" " ind2=" ">
    <subfield code="a">UPB</subfield>
    <subfield code="b">eng</subfield>
    <subfield code="c">UPB</subfield>
  </datafield>
  <datafield tag="100" ind1="1" ind2=" ">
    <subfield code="a">Bennion, Molly McLellan</subfield>
  </datafield>
  <datafield tag="670" ind1=" " ind2=" ">
    <subfield code="a">Dialogue (Stanford, Calif.), summer 2006:</subfield>
    <subfield code="b">p. 115 (Molly McLellan Bennion)</subfield>
  </datafield>
</record>